@article{tsai1987note,
  title={A note on the product-limit estimator under right censoring and left truncation},
  author={Tsai, Wei-Yann and Jewell, Nicholas P and Wang, Mei-Cheng},
  journal={Biometrika},
  volume={74},
  number={4},
  pages={883--886},
  year={1987},
  publisher={Oxford University Press}
}

@article{snapinn2005illustrating,
  title={Illustrating the impact of a time-varying covariate with an extended Kaplan-Meier estimator},
  author={Snapinn, Steven M and Jiang, QI and Iglewicz, Boris},
  journal={The American Statistician},
  volume={59},
  number={4},
  pages={301--307},
  year={2005},
  publisher={Taylor \& Francis}
}

@article{youlden2016ten,
  title={Ten-year survival after multiple invasive melanomas is worse than after a single melanoma: a population-based study},
  author={Youlden, Danny R and Baade, Peter D and Soyer, H Peter and Youl, Philippa H and Kimlin, Michael G and Aitken, Joanne F and Green, Adele C and Khosrotehrani, Kiarash},
  journal={Journal of Investigative Dermatology},
  volume={136},
  number={11},
  pages={2270--2276},
  year={2016},
  publisher={Elsevier}
}
